1 Original Paper concerning GAN:
  @incollection{1,
    title = {Generative Adversarial Nets},
    author = {Goodfellow, Ian and Pouget-Abadie, Jean and Mirza, Mehdi and Xu, Bing and Warde-Farley, David and Ozair, Sherjil and Courville, Aaron and Bengio, Yoshua},
    booktitle = {Advances in Neural Information Processing Systems 27},
    editor = {Z. Ghahramani and M. Welling and C. Cortes and N. D. Lawrence and K. Q. Weinberger},
    pages = {2672--2680},
    year = {2014},
    publisher = {Curran Associates, Inc.},
    url = {http://papers.nips.cc/paper/5423-generative-adversarial-nets.pdf}
  }

2 Deep learning book
  @book{2,
    title={Deep Learning},
    author={Ian Goodfellow and Yoshua Bengio and Aaron Courville},
    publisher={MIT Press},
    url = {http://www.deeplearningbook.org},
    year={2016}
  }

3 Gan empirical analysis (Goodfellow)
  @ARTICLE{3,
     author = {{Goodfellow}, I.~J. and {Mirza}, M. and {Xiao}, D. and {Courville}, A. and
  	{Bengio}, Y.},
      title = "{An Empirical Investigation of Catastrophic Forgetting in Gradient-Based Neural Networks}",
    journal = {ArXiv e-prints},
  archivePrefix = "arXiv",
     eprint = {1312.6211},
   primaryClass = "stat.ML",
   keywords = {Statistics - Machine Learning, Computer Science - Learning, Computer Science - Neural and Evolutionary Computing},
       year = 2013,
      month = dec,
     url = {http://adsabs.harvard.edu/abs/2013arXiv1312.6211G},
    adsnote = {Provided by the SAO/NASA Astrophysics Data System}
  }
